@misc{onDiskFormatLuks,
	author="Clemens Fruhwirth",
	title="LUKS1 On-Disk Format Specification Version 1.2.3",
	year="2018",
	month="Janvier"
}

@misc{geli.h,
	title="FreeBSD source code",
	year="2018",
	note="Release 11.2.0 , /sys/geom/eli/g\_eli.h"
}
